1717 2909
134 857 198 918 Quid
215 858 247 907 de
264 858 345 907 Joetis
362 861 447 908 aetate
465 858 624 917 statuendum
641 858 764 908 rideatur.

158 1017 182 1057 In
199 1015 239 1056 XII
256 1015 404 1068 prophetarum
423 1016 501 1070 ordine,
520 1027 580 1068 quern
599 1015 671 1058 Oanon
687 1016 802 1059 hebraeus·

114 1082 207 1135 exhibet,
227 1081 276 1124 Joel
297 1083 411 1124 secundum
433 1082 515 1126 obtinet
531 1082 609 1124 locum:
630 1086 680 1135 post
699 1084 792 1125 Hoseam

113 1149 191 1201 legitur
212 1151 260 1189 ante
281 1148 392 1200 Amosum3
414 1149 511 1202 quoniam
534 1148 624 1190 (iunonis
643 1142 740 1191 numeres
757 1162 792 1190 ra-

113 1215 193 1257 tionem
210 1213 538 1269 chronologicamrespexerunt,
558 1214 580 1256 in
601 1215 791 1257 vetustissimorum

114 1280 265 1334 prophetarum
284 1293 381 1334 numero,
403 1282 483 1324 Joelem
502 1281 579 1333 elucet,
601 1283 626 1323 ab
648 1281 674 1321 iis
697 1281 792 1323 habitum

115 1358 169 1389 esse.
202 1346 287 1388 Hoseae
307 1346 349 1400 jam
370 1359 394 1391 eo
412 1349 501 1391 nomine
517 1348 650 1402 postpositus
672 1349 715 1400 est,
738 1347 793 1400 qnod

114 1412 223 1466 inscriptio
247 1415 337 1455 aetatem
361 1415 442 1457 omnine
468 1414 545 1457 nullam
570 1414 688 1468 profitetur.
722 1413 793 1456 Oarion

115 1478 219 1522 versionis
249 1479 403 1523 LXX-viralis
434 1493 480 1524 eum
508 1481 606 1537 Milrhae,
639 1480 675 1533 qui
705 1479 794 1532 Hirqiae

116 1545 208 1599 aequalis
237 1548 294 1598 erat,
322 1547 466 1601 postpositum
490 1548 568 1601 habet,
592 1546 681 1589 iorsitnn
707 1558 741 1600 eo,
770 1549 794 1606 nt

116 1613 220 1665 Hitzigius
242 1611 319 1654 ccciccc
339 1617 419 1669 monet,
441 1614 533 1667 nomine,
557 1613 613 1665 quod
633 1612 692 1666 regni
710 1608 793 1656 decern-

116 1677 213 1721 tribuarii
229 1679 354 1721 mentionem
372 1692 414 1721 non
429 1679 486 1722 iecit.

165 1744 234 1786 Etiam
252 1743 378 1797 antiquitate
396 1745 510 1789 christiana
522 1744 673 1788 uetustissimis
685 1743 794 1797 prophetis

117 1810 165 1854 Joei
182 1810 289 1853 accenseri
307 1811 395 1865 solebat,
413 1810 438 1853 cf.
452 1811 521 1864 Oprill.
534 1811 560 1853 al.
578 1814 688 1853 comment.
706 1810 728 1852 in
739 1811 794 1853 Joel.
847 1805 849 1809 ’

116 1875 181 1930 praef.
194 1871 343 1937 Hpoqrqcecioc
358 1872 403 1935 μὲν
419 1872 430 1920 ὁ
447 1874 575 1930 θεσπέσιος
585 1870 645 1936 Ἰιοὴλ
660 1875 685 1919 ἐν
693 1869 794 1936 χρόνοις,

117 1938 148 1996 ὡς
159 1940 223 1995 ἔοικε,
235 1941 289 1987 καθ’
302 1936 341 1998 οὓς
353 1937 382 1988 ἂν
392 1947 484 1989 renosco
495 1937 534 1987 ιιοιὶ
546 1942 570 1987 οἱ
577 1937 631 2004 περὶ
643 1939 716 1989 αὐτοῦ
727 1957 793 1987 coco-

116 2007 204 2068 ype‘vor,
216 2003 336 2071 τὸιὩσηὲ
349 2008 376 2054 δέ
385 2019 451 2074 φημι,
463 2005 500 2054 καὶ
511 2008 555 2069 μέν
567 2025 603 2054 cor
614 2004 652 2053 καὶ
662 2004 704 2053 τὸν
713 2004 794 2068 Ἀμώς

117 2076 183 2121 δοκεῖ
197 2070 240 2138 poio
251 2070 362 2138 Ἑβραίοις
382 2075 409 2123 οὐ
427 2073 488 2137 μετά
507 2092 532 2133 γε
549 2070 591 2121 τὸν
609 2073 727 2135 Μιχοιίιιι,
747 2072 793 2119 ἀλλ’

117 2142 210 2198 ἐκείνοις
229 2138 302 2189 αὐτὸν
322 2139 480 2202 συντετάχθαι
502 2142 556 2188 δεῖν·
581 2146 632 2187 item
649 2145 794 2197 Hieronymus,

118 2213 292 2266 qnanrqnamqoi
310 2211 375 2254 falsus
393 2216 433 2264 est,
450 2212 480 2254 ita
490 2212 596 2263 judicans:
614 2211 646 2263 ,in
663 2211 737 2263 quibus
756 2210 795 2264 [se.
812 2246 813 2249 ,

84 2284 86 2286 ’
117 2272 237 2335 prophetis]
260 2279 342 2331 tempus
364 2291 405 2320 non
426 2277 533 2331 profertur
554 2278 575 2318 in
596 2277 666 2330 titulo,
684 2277 729 2318 sub
753 2276 794 2317 iliis

118 2356 154 2385 eos
177 2343 262 2397 regibus
279 2344 493 2397 prophetasse,.sub
512 2343 587 2396 quibus
606 2343 675 2396 ethi,
694 2343 729 2396 qui
747 2345 795 2384 ante

118 2422 154 2452 eos
171 2410 250 2454 habent
261 2410 341 2464 titulos,
358 2410 528 2464 prophetarunt.“
555 2409 612 2452 Proi.
629 2408 650 2451 in
665 2409 705 2452 XII
721 2409 795 2462 proph.

57 2485 60 2495 ¹
117 2477 165 2518 min.
203 2476 278 2526 Quum
294 2489 344 2520 rere
370 2477 498 2530 interpretes
523 2477 544 2519 in
570 2476 607 2518 tali
632 2475 732 2530 temporis
759 2474 795 2518 de-

117 2543 211 2586 finitione
228 2557 301 2597 parum
314 2545 420 2599 descripta
432 2544 568 2597 acquiescere
586 2544 664 2586 sensim
676 2542 796 2595 sensimque

118 2611 260 2664 sprevissent,
280 2624 361 2654 necnon
378 2624 462 2665 noram,
485 2623 526 2663 que
544 2612 588 2664 ejus
609 2614 699 2652 aetatem
722 2610 795 2669 odora-

116 2682 194 2734 rentur,
203 2677 258 2723 riam
266 2678 399 2733 institissent,
411 2678 464 2721 adeo
474 2677 535 2721 alteri
544 2677 569 2721 ab
579 2677 651 2720 alteris
663 2677 796 2724 aberrabant,
