1670 2909
344 71 478 112 ..21-

70 205 149 271 dienen
163 204 231 263 1500ος
247 207 271 252 ἐν
282 204 360 270 θέρει,
373 204 446 263 οὕτως
460 203 501 252 οὐκ
512 203 576 251 ἔστιν
590 200 673 268 ἄφρονι
687 202 751 269 τιμή.

72 285 81 322 1
106 278 160 321 Sam.
180 281 210 330 12,
234 280 265 318 17.
288 276 345 329 Virg.
362 277 406 319 Eel.
424 275 499 318 '’triste
516 275 577 327 lupus
595 274 691 330 stabulis,
707 287 750 316 ma-

70 344 123 388 turis
142 343 237 396 frugibus
253 341 347 385 imbres.“
380 343 426 394 Qua
444 343 469 385 de
487 352 550 383 causa
564 341 649 395 jamjam
659 341 684 384 R.
697 341 750 383 Tan-

71 413 130 455 cbmn
148 409 289 465 compluribus
302 411 376 454 abhinc
394 410 483 454 saeculis
501 409 523 451 in
540 404 684 473 1111111110οθ
701 406 749 470 cipli

70 489 163 521 mensem
184 476 314 530 subintelligi
338 477 399 530 plane
421 476 533 519 absurdum
554 473 676 528 declaravit,
704 475 752 527 quia

69 543 136 587 Nisan
144 544 221 587 mensis
232 547 313 597 tempus
323 543 406 597 pluviae
411 545 574 597 inopportunum
586 546 650 585 esset.
659 542 750 584 Pecock.

71 611 96 653 ad
107 611 126 653 b.
136 610 162 663 l.;
178 613 224 653 erat
235 612 306 652 antem
314 611 338 653 R.
350 606 456 653 Tanchum
473 608 527 651 coeli
537 608 699 661 palaestinensis
711 620 751 651 usu

70 677 156 732 peritus.
190 677 263 719 Adhuc
279 675 405 728 relinquitur
422 674 533 718 clarissimi
549 674 630 719 Evaldi
646 675 749 729 interpre-

70 744 131 797 tatio,
148 743 183 796 qui
199 746 294 785 nestram
310 754 383 785 vocem
416 741 511 785 ”auersi“
527 759 555 777 =
572 740 616 784 '’als
637 742 675 786 das
693 745 750 784 erste
806 768 810 773 ·

71 823 87 854 s.
112 809 169 853 iners
196 809 263 853 erste“
288 809 387 854 reddidit.
423 816 499 875 11111111
521 821 593 853 voeem
619 811 641 853 et
666 817 750 873 11111111

70 877 171 921 vocabula
189 882 210 930 3,
234 882 251 920 1.
274 876 315 919 sibi
336 877 435 931 opposita
456 885 504 920 esse
524 876 654 930 autumabat,
666 877 706 920 vita
727 880 751 920 ut

71 946 145 987 auctor
162 943 256 986 dicturus
273 940 360 997 fuisset,
381 944 468 987 Jahvem
485 942 574 996 primum
594 943 650 996 bona
665 946 751 986 terrena

71 1013 93 1052 et
114 1010 189 1052 deinde
214 1013 238 1062 3,
254 1014 278 1070 l.
301 1009 355 1052 dena
378 1008 496 1063 spiritualia
517 1009 630 1052 Jebudaeis
655 1010 750 1052 daturum

71 1088 124 1120 esse.
157 1076 220 1119 Haud
231 1075 275 1118 scio
293 1088 319 1118 an
331 1078 411 1129 auctor,
428 1075 496 1129 siper
509 1075 662 1130 appositionem
673 1089 750 1131 reapse

70 1144 164 1187 dicturus
182 1142 279 1195 fuisset,
291 1154 354 1187 voces
375 1143 428 1186 hanc
449 1143 603 1198 oppositionem
624 1143 749 1188 denotantes

70 1215 112 1253 tam
127 1223 203 1264 magno
225 1220 322 1253 versuum
343 1210 455 1253 intervallo
477 1211 564 1253 alteram
587 1212 612 1254 ab
631 1211 698 1253 altera
716 1223 749 1254 se-

68 1276 189 1332 jvnxisset..
213 1274 264 1319 Oum
288 1276 395 1321 vocabulis
420 1270 488 1339 tltpbn
514 1279 535 1320 et
560 1284 614 1325 bilia
640 1278 750 1332 conjuncta
786 1284 790 1292 '

69 1348 145 1409 pinsita?
169 1356 209 1385 von
227 1342 270 1385 nen
290 1346 363 1396 potest
383 1356 425 1386 non
446 1347 529 1397 tempus
555 1344 683 1398 significare,
709 1358 748 1398 quo

68 1412 126 1465 justa
143 1412 231 1462 utraque
249 1409 319 1462 pluvia
335 1410 433 1464 ingruere
451 1410 535 1453 debeat:
554 1411 749 1464 quemadmodum

69 1466 138 1537 ,111115
150 1476 266 1530 pluviarumr
276 1476 354 1529 Justam
364 1488 489 1530 mensuram,
505 1478 643 1530 quantitatem
656 1479 748 1521 denatat.

69 1543 148 1586 Nostro
175 1541 257 1595 quidem
282 1542 329 1585 1000
353 1549 430 1606 libita:
453 1555 494 1586 von
518 1545 603 1597 poetice
625 1545 670 1588 vult
694 1545 750 1587 idem

69 1609 134 1652 ferme
163 1609 233 1651 dicere
262 1610 325 1661 atque
340 1609 402 1652 alias
426 1609 460 1652 in,
475 1610 548 1653 eadem
575 1610 681 1654 locutione
709 1624 749 1655 vox

69 1683 120 1733 impp
141 1676 188 1719 “suo
206 1674 314 1730 tempere'’
330 1675 361 1718 01.
379 1679 390 1718 5
410 1676 463 1719 llos.
483 1681 514 1733 11,
533 1680 563 1720 li.
584 1682 617 1733 28,
637 1682 667 1720 12.
685 1679 749 1722 Jerm.

70 1748 88 1796 5,
105 1734 137 1787 24.
162 1743 277 1787 sllicitum
299 1746 358 1787 esset
374 1742 396 1786 in
418 1745 494 1808 11111111
517 1756 569 1789 voce
592 1745 654 1788 aliam
677 1747 748 1791 subin-

68 1811 171 1866 telligere,
188 1811 240 1853 haec
252 1810 293 1853 alia
310 1822 412 1854 essenon
429 1812 518 1856 deberet
533 1814 596 1866 atque
607 1826 723 1868 prenomen
734 1823 749 1867 t3

70 1899 93 1913 =
112 1878 216 1931 inprime
235 1898 258 1910 =
276 1877 299 1919 in
319 1889 357 1921 suu
374 1878 441 1932 prime
460 1898 484 1912 =
502 1879 569 1933 primo
590 1883 685 1935 tempure
703 1894 749 1936 sun,

69 1947 95 1988 ab
113 1944 174 1986 initio
193 1945 237 1997 ejus
254 1945 365 1998 temporis,
387 1956 428 1997 que
445 1948 572 2000 tempestiva
590 1950 611 1989 et
628 1949 750 1992 necessaria

68 2012 167 2065 ingruere
179 2010 255 2054 debeat
271 2013 359 2064 utraque
376 2011 457 2066 pluviae
489 2013 569 2064 Quodsi
583 2014 648 2068 igitur
663 2028 750 2059 versum

69 2080 164 2121 nostrum
180 2077 245 2121 latine
263 2078 353 2121 reddere
369 2079 420 2121 mibi
436 2079 524 2135 licuerit,
542 2082 618 2135 versic,
637 2083 704 2137 qualis
723 2085 749 2128 ab

40 2165 43 2167 -
69 2144 161 2187 auctoris
181 2146 251 2187 mente
262 2145 346 2186 minime
357 2146 463 2188 recedere
474 2147 576 2202 videatur,
594 2152 627 2191 est
639 2150 749 2193 haeccine:

68 2212 112 2256 Vos
133 2210 171 2253 filii
192 2210 274 2255 Ssicnis
296 2210 385 2266 [Jabvae
406 2212 508 2270 cultores]
533 2215 637 2259 exsultate
663 2220 685 2259 et
704 2217 748 2260 lae-

69 2277 142 2320 tamini
162 2275 184 2321 in
204 2277 271 2321 Jabve
295 2279 334 2321 deo
357 2282 440 2335 vestre,
461 2293 508 2324 nam
525 2282 585 2325 vobis
606 2283 643 2325 dat
659 2284 749 2338 pluviam

69 2346 210 2388 autumnalem
233 2344 291 2398 justi
314 2357 426 2399 mensura3
454 2347 514 2391 vobis
541 2349 633 2392 demittit
660 2351 749 2395 imbres:

69 2411 161 2464 pluviam
172 2413 311 2455 acrtnmnalem
328 2416 349 2455 et
361 2413 452 2467 pluviam
468 2427 553 2458 vernam
566 2414 629 2459 ''suc“
641 2420 749 2471 utramque

69 2480 171 2533 tempure.
