1670 2909
378 100 497 136 -5-

149 236 203 279 Sunt
219 235 290 278 hercle
307 235 338 278 ita
353 236 431 278 multae
444 236 587 279 dissensiones
605 235 627 276 et
643 232 675 275 ita
684 245 778 287 magnac,

102 302 177 356 quibus
195 302 266 355 plures
282 301 413 355 majoresque
430 302 472 346 alio
488 302 535 345 loco
548 301 583 345 vix
600 302 622 342 et
638 311 665 341 ne
681 299 716 341 vix
732 297 778 352 qui-

101 371 148 411 dem
165 361 293 421 deprehendi
309 367 399 420 pessint.
433 368 472 418 Qui
483 368 636 410 inhaererem
648 365 779 407 dissensione

100 436 123 477 in
145 433 283 477 dissensionis
305 433 407 488 originem
426 433 556 487 inquisierit,
574 433 596 475 is
619 430 714 485 proiecto
737 443 779 474 non
807 465 810 470 ,

100 501 132 543 illi
149 499 222 542 similis
240 498 351 554 videbitur,
370 500 404 554 qui
421 501 497 543 nodum
514 501 536 543 in
548 500 617 553 scirpo
635 497 721 552 quaerit.
745 496 779 540 llli

101 580 157 620 vero,
170 567 205 619 qui
213 567 260 609 loco
269 569 342 609 nostro
354 568 431 609 nodum
442 567 533 609 viderint
545 579 583 609 suo
595 565 677 609 uindice
689 564 779 620 dignum,

102 647 148 677 eum
168 645 211 675 non
230 632 308 675 debent
329 633 489 680 hac-oratione
514 636 619 687 tamquam
644 630 713 685 gladio
735 630 779 672 dis-

102 712 183 753 secare,
203 702 227 741 ut
250 699 330 753 dicant,
352 700 406 743 tales
430 700 583 754 discrepantias
607 710 649 741 non
670 708 717 739 csse
737 697 779 739 nisi
831 712 832 715 ¹

100 778 169 809 meros
187 767 324 820 interpretiun
341 778 424 809 errores
442 779 482 809 nec
499 767 582 811 aliunde
593 763 701 819 proiectos
714 775 780 815 quarn

102 835 127 876 ab
151 844 223 874 eorum
243 832 326 886 linguae
344 833 457 876 hebraicae
477 833 595 878 inscientia.
630 825 693 883 Apud
713 829 779 872 inter·
814 876 816 878 ,

101 902 172 954 pretes
192 899 248 941 LXX
268 899 423 953 discrepantiae
446 900 542 942 consulto
566 900 636 942 factae
656 898 682 938 iis
703 897 778 938 saltem

101 966 153 1008 locis
170 966 310 1019 reperiuntur,
330 966 403 1020 quibus
421 967 546 1010 verecundia
563 966 663 1020 quaedam
680 962 781 1018 religiosa

103 1028 241 1093 [dogmatica]
260 1034 370 1085 genuinum
391 1037 462 1076 textus
479 1034 573 1077 hebraici
590 1043 675 1076 sensum
691 1030 780 1081 reddere

103 1111 139 1142 eos
151 1100 244 1142 rotabat.
278 1098 342 1153 Cujus
354 1099 385 1142 rei
396 1100 524 1143 luculentum
535 1100 557 1143 in
568 1100 614 1154 ipso
626 1097 687 1141 Joele
698 1097 733 1139 IV.
750 1100 779 1142 ll-

104 1165 219 1219 exemplum
236 1166 387 1221 deprehendes,
402 1167 438 1210 ubi
449 1167 518 1209 versio
533 1164 672 1210 LXX-viralis
688 1174 732 1220 prov
744 1174 780 1206 vc-

105 1232 183 1274 cabulis
192 1239 257 1285 puina
266 1242 281 1294 ¹2
292 1240 351 1280 bitin
360 1236 410 1280 ubl)
416 1233 528 1293 lectionem
537 1227 549 1275 ὁ
558 1224 637 1294 πραῢς
642 1226 701 1273 ἔστω
707 1235 781 1289 ’μαχη-

69 1295 72 1304 '
102 1292 144 1357 aq'g
157 1299 287 1351 suppeditat:
299 1300 330 1341 ibi
342 1301 397 1341 enirn
411 1299 433 1340 in
442 1304 515 1353 aperto
526 1303 566 1352 est,
578 1301 716 1350 interpretum
725 1295 782 1339 LXX

103 1364 175 1406 animis
194 1364 293 1420 scrupulo
301 1363 369 1425 luisse
387 1376 469 1408 cascam
485 1365 542 1409 illam
553 1367 697 1421 Hebraeorum
714 1361 782 1416 opini-

105 1442 165 1472 onem
182 1431 207 1473 do
224 1431 291 1481 dabre
309 1431 359 1485 deo,
382 1432 475 1485 quiana
492 1445 538 1475 crim
554 1430 653 1475 heroibus
671 1429 715 1472 suis
732 1428 746 1471 i.
764 1439 782 1469 e.

102 1495 193 1549 fulmine,
213 1496 299 1549 tonitru,
313 1498 452 1550 ¹grandinibus
468 1498 497 1540 'ad
513 1499 586 1542 hostes
603 1487 723 1551 perdendos
740 1505 783 1536 non

103 1563 165 1605 aliter
181 1566 244 1617 atque
259 1558 315 1605 Mars
327 1564 389 1607 Ultor
406 1565 435 1618 de·
449 1565 507 1608 coelo
520 1561 658 1616 descensurus
676 1565 698 1603 et
709 1560 782 1617 crede-

102 1630 165 1673 batur
186 1633 208 1673 et
225 1631 356 1685 sperabatur.
390 1632 419 1674 At
434 1644 485 1675 vero
504 1632 531 1674 iis
548 1632 601 1675 locis
617 1631 645 1659 ’-
662 1629 730 1682 qualis
746 1626 782 1669 ille

102 1700 174 1745 noster
192 1700 225 1738 est
243 1720 270 1726 -
288 1687 362 1748 quibus
379 1698 423 1743 tale
441 1698 491 1750 quid
508 1698 603 1752 religiosi
619 1696 653 1737 vel
665 1692 782 1748 scrupulosi

103 1773 144 1803 non
160 1763 224 1814 inest,
242 1762 397 1816 discrepantiae
414 1775 472 1805 suam
489 1765 592 1818 originem
608 1774 651 1805 non
666 1763 782 1814 potuerunt

103 1840 145 1869 non
156 1829 232 1870 ducere
244 1842 256 1870 a
267 1827 339 1871 codice
346 1830 377 1875 M.
391 1830 418 1881 S„
428 1824 466 1882 vqui
476 1831 625 1874 vocabulorum
635 1828 783 1885 hebraicorum
806 1881 808 1883 Ι

103 1893 227 1948 scripturam
238 1920 264 1927 -
278 1895 379 1938 noluerim
391 1896 461 1939 dicere
473 1921 498 1928 -
510 1898 621 1950 diversam,
632 1895 671 1938 sed
682 1892 783 1949 mancam,

104 1961 238 2003 obliteratam
258 1962 355 2020 lectuque
377 1961 483 2004 difficilem
500 1961 617 2007 exhibebat.
650 1962 702 2004 Inde
719 1959 783 2014 igitur

103 2030 196 2070 veterum
206 2029 325 2071 versionum
342 2030 463 2072 arrotoribus
474 2026 592 2074 necessitas
608 2029 710 2082 quaedam
721 2029 784 2074 enata

104 2097 143 2148 est,
160 2098 184 2138 ut
200 2095 222 2138 in
238 2096 306 2138 locum
323 2096 471 2140 vocabulorum
487 2097 544 2140 lectu
556 2096 672 2154 difficilium
688 2093 783 2144 novicias

104 2164 125 2203 et
138 2162 263 2214 quadrantes
276 2175 339 2205 voces
358 2176 383 2209 en
400 2167 475 2217 suopte
491 2164 576 2218 ingenio
589 2165 715 2207 commentas
734 2159 783 2203 sub-

104 2228 222 2272 stituerent.
258 2229 341 2289 idcirco
353 2229 400 2272 illas
413 2230 572 2285 discrepantias,
586 2228 722 2273 undelaetae
735 2227 783 2280 sint,

103 2292 231 2337 intellecturi
252 2308 304 2348 opus
321 2296 403 2343 habent
419 2297 472 2347 istas
489 2309 552 2340 voces
570 2295 694 2340 subditicias
712 2297 735 2337 et
749 2294 783 2335 in·
824 2314 825 2317 =

104 2360 181 2413 dagare
209 2354 230 2403 et
250 2362 272 2403 in
297 2363 390 2415 apricum
414 2362 516 2416 proferre.
555 2365 614 2406 Hanc
639 2374 689 2404 vero
716 2363 784 2403 artem

103 2426 203 2470 lubricam
220 2428 256 2480 qui
272 2426 333 2482 fact't
347 2431 363 2481 t,
380 2441 529 2482 saepenumero
541 2455 574 2462 -
586 2432 610 2472 ut
626 2427 716 2483 ingenue
733 2439 783 2481 pro-

104 2491 166 2536 fitear
181 2519 209 2525 -
226 2494 267 2544 uim
278 2494 405 2547 imaginandi
421 2496 528 2540 exhibebit
544 2509 587 2539 non
597 2486 705 2552 minorem,
723 2506 784 2547 quam

104 2557 188 2613 ipsimet
199 2560 249 2605 boni
260 2561 388 2616 interpretes
400 2563 486 2618 antiqui,
497 2552 638 2607 ut'interdum
649 2561 689 2605 tibi
699 2560 785 2606 videare

106 2627 257 2685 caecutientem
273 2628 346 2672 videre
364 2641 426 2673 caeco
447 2629 532 2673 dircen!
550 2654 582 2661 —
638 2639 640 2641 ·
757 2624 759 2626 ’
