1717 2909
368 71 501 115 -10-

94 213 161 258 calida
178 217 200 255 et
216 223 306 254 arenosa
319 223 365 253 esse
382 211 472 264 ideoque
484 211 584 266 pleraque
597 224 668 255 earum
680 212 774 255 examina

94 295 106 323 a
124 280 177 323 coeli
189 278 273 320 cardine
289 277 404 319 meridiano
422 277 444 319 in
454 278 596 321 Palaestinam
608 279 686 332 venire,
703 283 774 321 tamen
790 308 792 311 -

94 346 247 390 contenderent
268 344 289 384 in
307 344 362 386 omui
384 344 451 385 omnis
469 344 561 387 Orientis
582 345 669 397 regione
687 346 773 387 crebras

92 414 187 456 locustas
205 410 262 463 gigni
283 411 350 451 etita
368 421 438 451 earum
457 410 550 452 examina
571 422 596 453 ex
614 410 674 464 Syria
691 423 774 466 quoqne

93 480 115 524 in
131 476 272 523 Palaestinam
293 474 373 520 deferri
394 489 466 531 posse.
500 478 611 521 Lecturam
628 480 655 521 ad
671 479 774 531 Hieronp-

94 559 149 589 mmn
166 544 270 596 delegant,
288 544 362 596 quiad
378 545 397 585 li.
409 544 422 586 l.
434 555 523 597 „greges
535 545 670 597 locustarum,
687 545 774 598 inquiat,

94 613 161 665 magis
179 613 250 653 auster
272 621 332 661 qrranr
349 609 418 661 aquilo
437 611 546 652 consuerit
563 611 684 652 adducere.“
720 612 774 652 Lau-

95 680 145 721 dant
158 676 317 720 commentarios
329 675 427 717 itinerum
439 677 611 719 areeentioribus
622 680 774 729 susceptorum.

95 744 214 786 Orednerus
231 754 276 783 nem
292 741 322 783 ita
337 741 377 783 sibi
395 741 500 794 explicuit,
517 745 541 784 ut
556 742 651 785 locustas
664 743 775 794 statueret,

96 822 121 852 en
138 808 191 852 coeli
207 807 269 861 plaga
285 808 406 860 meridiana,
427 810 497 849 austro
516 807 585 862 flante,
603 809 624 851 in
641 808 775 852 Palaestinae

94 877 192 929 regiones
205 873 388 927 septentrionales,
407 874 503 916 boreales
522 874 602 918 delatas
621 886 675 927 esse,
694 875 731 918 secl
749 887 773 917 eo

94 934 185 993 delatas,
197 935 268 983 'venti'
281 939 364 981 cardine
384 940 513 990 transuerso,
527 941 610 982 iterum
631 941 680 982 inde
701 940 776 982 salae-

96 1008 172 1050 stinam
188 1016 262 1048 uersus
279 1005 378 1058 repulsas,
393 1004 538 1065 Hierosolyma
555 1008 689 1059 pervenisse,
706 1009 736 1049 ita
752 1008 777 1048 ut

97 1078 170 1117 auctor
180 1074 221 1116 hoc
231 1072 360 1115 locustarum
371 1084 446 1125 agmen
458 1085 483 1114 en
495 1074 639 1125 septentrione
649 1074 777 1114 adventasse

98 1153 135 1182 suo
160 1142 207 1193 June
232 1138 317 1180 diceret.
356 1137 416 1187 Quod
441 1138 468 1179 ad
487 1139 578 1190 priorem
598 1138 655 1181 illam
680 1141 702 1180 et
722 1139 776 1180 hanc

99 1204 200 1249 Oredneri
223 1204 339 1247 sententias
362 1203 450 1256 attinet,
471 1204 496 1247 Ε.
518 1205 620 1259 Meierns,
645 1206 692 1247 fieri
712 1216 777 1259 posse

97 1284 185 1326 prorsus
203 1274 273 1324 negat,
293 1274 314 1312 et
330 1273 355 1312 ut
371 1270 393 1312 in
410 1269 503 1313 Orientis
521 1273 666 1325 septentrione
682 1272 778 1314 locustae

98 1340 211 1393 gignantur
231 1332 391 1396 [οὒ-γίνονται
410 1330 435 1379 δὲ
455 1335 483 1378 αἱ
498 1332 590 1398 ἀκρίδες
609 1337 634 1380 ἐν
653 1336 682 1401 τῇ
701 1333 778 1401 ὀρεινῇ

28 1440 30 1442 ,
97 1406 163 1447 Arist.
180 1407 222 1446 nat.
241 1407 263 1456 5,
285 1404 326 1458 23]
348 1407 369 1445 et
389 1407 412 1445 ut
430 1415 454 1446 eo
473 1403 556 1448 delatae
575 1405 602 1447 ad
618 1405 727 1447 meridiem
744 1416 778 1446 re—

98 1471 212 1525 pellantur;
230 1473 293 1522 atque
309 1470 343 1513 vel
359 1471 400 1512 hoc
416 1471 486 1523 posito
505 1474 526 1512 et
538 1483 647 1524 concesso,
663 1484 705 1514 non
722 1470 776 1513 arlai-

99 1541 178 1592 tratur,
195 1536 237 1579 tale
255 1535 383 1578 locustarrmr
400 1548 485 1590 agmen,
507 1539 584 1591 quippe
602 1538 657 1590 qarod
673 1536 747 1589 ntique
766 1548 776 1577 e

98 1603 185 1646 meridie
201 1602 294 1657 venerit,
316 1601 341 1644 ab
359 1606 445 1645 auctore
462 1613 513 1656 „suo
529 1604 597 1657 jnre“.
611 1603 777 1657 septentrionale
831 1653 832 1656 Ἰ

99 1671 140 1713 diei
156 1669 258 1724 potuisse.
291 1670 336 1711 Has
351 1672 412 1711 vcerte
429 1669 522 1711 locustas
544 1683 585 1712 non
603 1682 614 1712 e
633 1670 777 1723 septentrione

99 1738 193 1790 venisse,
211 1737 253 1788 est,
273 1739 297 1776 ut
314 1734 354 1788 ait,
377 1748 402 1777 ex
418 1735 479 1778 Joela
495 1739 515 1789 2,
533 1740 551 1778 2.
569 1736 778 1790 soq.=colligendum‚

99 1805 135 1847 ubi
153 1816 190 1845 eae
201 1814 264 1856 supra
275 1804 357 1844 rnontes
374 1802 482 1845 volitando
494 1803 646 1857 Hierosolymis
664 1803 778 1855 appropin-

102 1882 166 1923 quare
176 1868 232 1910 haud
245 1868 307 1911 dubie
320 1868 423 1919 dicantur3
441 1871 503 1921 atque
515 1868 708 1923 Hierosolymorum
724 1868 778 1911 latus

101 1934 267 1991 septentrionale
284 1946 326 1977 nou
340 1937 478 1988 montiosum,
496 1935 534 1977 sed
550 1935 640 1989 planum*
653 1947 706 1977 esse.
739 1936 780 1977 Est

101 2015 183 2055 qnoque
206 2002 274 2043 relatu
300 2001 393 2053 dignum,
422 2001 540 2042 Maurerum
566 2002 613 2042 voci
640 2009 691 2046 lites
716 2000 779 2043 alium

102 2067 241 2120 siduificatum
267 2078 279 2107 a
306 2064 377 2118 lingua
402 2072 491 2119 cognata
519 2068 643 2110 arcessitum
659 2064 779 2110 uindicare

100 2134 243 2188 periclitatum
265 2144 312 2175 esse
339 2135 360 2174 et
385 2132 467 2183 quidem
489 2133 520 2174 ita
544 2136 568 2174 ut
590 2135 707 2175 autumaret
728 2140 779 2177 ntes

100 2211 164 2252 posse
180 2200 275 2242 locustae
286 2209 362 2240 nomen
379 2208 427 2239 esse
444 2198 530 2252 proprie
543 2198 662 2252 significans
680 2198 714 2241 rel
726 2201 779 2241 ster·
819 2225 821 2227 -

102 2306 185 2345 coneum
203 2288 225 2353 [a
242 2302 302 2361 Quo
321 2293 418 2345 depesuit
435 2295 609 2346 excrementmnl,
621 2293 703 2337 etenim
713 2304 780 2351 neque

101 2384 172 2414 morsu
189 2371 259 2415 solum
274 2372 377 2413 locustam
395 2365 518 2425 segetibus,
531 2365 725 2427 pascuis,'l10rtis,
742 2383 780 2424 po-

101 2438 173 2481 mariis
190 2449 273 2490 nocere,
290 2438 329 2478 sed
343 2437 394 2479 item
406 2439 500 2480 stercore
511 2439 579 2495 nigro,
596 2439 664 2491 viridi,
681 2436 781 2489 mordaci,

102 2506 161 2559 gravi
171 2504 281 2556 bilosaque
292 2503 394 2556 imprimis
407 2505 469 2555 atque
481 2503 525 2546 acri
536 2503 608 2558 saliua,
619 2503 684 2558 ‘quam
695 2504 781 2547 multam

103 2584 128 2614 ex
150 2566 187 2614 ore
203 2571 259 2613 inter
275 2570 392 2612 rodendum
408 2569 513 2623 tundant,
527 2570 561 2613 vel
582 2564 746 2627 decorticantem
764 2582 780 2611 s.

103 2664 211 2711 ffldflsslflffl
224 2666 244 2716 [a
256 2670 313 2732 &tu
326 2663 455 2707 decorticare
472 2664 573 2721 radendo]
592 2678 656 2719 aquo
672 2667 701 2710 sit
713 2650 782 2712 ὼ
