1670 2909
73 906 130 966 Quo
142 883 381 967 sensulocustarum
390 918 479 967 agmen
491 904 558 974 apud
569 905 667 963 dcelem
678 904 702 966 2,
711 905 753 954 20.

274 1015 365 1096 illatis]
382 1014 544 1078 significetur.
595 1039 597 1041 ·

124 1195 181 1238 Satis
199 1194 268 1237 dicere
280 1206 322 1237 non
338 1206 431 1247 possum,
448 1194 484 1236 illa
495 1195 569 1237 vocula
584 1194 651 1241 iirbbu
665 1197 752 1248 quanto-

74 1274 124 1316 pere
142 1263 167 1304 ab
186 1261 331 1314 antiquissimo
356 1261 404 1303 inde
425 1264 520 1315 tempore
543 1263 570 1305 ad
594 1262 673 1305 huncce
699 1262 753 1305 diem

73 1330 202 1382 interpretes
216 1328 384 1380 dissimulaverit,
396 1328 473 1370 etenim
492 1340 554 1380 quum
565 1341 600 1371 res
618 1333 677 1371 certa
690 1332 753 1381 atque

74 1395 134 1437 firma
156 1397 223 1448 esset,
246 1395 268 1437 in
291 1395 381 1438 desertis
404 1398 425 1436 et
446 1394 519 1436 calidis
540 1396 604 1437 Asiae
628 1398 650 1437 et
669 1393 753 1437 Africae

73 1461 195 1513 regionibus
212 1461 304 1502 locustas
323 1461 380 1514 gigni
397 1464 418 1502 et
435 1461 466 1503 ita
482 1474 524 1503 non
540 1462 581 1503 nisi
598 1472 623 1503 er
639 1460 754 1503 meridiana

75 1526 129 1570 coeli
139 1563 140 1566 ,
150 1527 214 1581 plaga
230 1527 252 1568 in
268 1526 411 1570 Palaestinam
426 1538 491 1579 posse
508 1528 635 1582 immigrare,
657 1527 752 1581 quaestio

75 1594 165 1646 exstitit,
188 1597 228 1646 quo
251 1605 314 1635 sensu
335 1593 383 1636 Joel
402 1593 507 1646 propheta
527 1594 655 1637 locustarum
679 1605 754 1646 agmen

75 1660 241 1719 septentrionale
259 1660 383 1714 significarit
394 1660 428 1703 vel
440 1672 480 1712 quo
491 1661 538 1714 jure
549 1661 572 1703 id
584 1673 595 1703 e
608 1661 759 1714 septentrione·

76 1727 191 1769 adventans
209 1726 279 1768 dicere
296 1727 397 1780 potuerit.

122 1791 203 1836 Idcirco
220 1793 257 1835 illa
278 1794 352 1836 rocula
372 1800 439 1839 artabu
460 1805 524 1848 grave
540 1793 688 1847 ,interpretum
708 1792 753 1837 bel-

73 1860 117 1902 lum
134 1861 241 1912 excitavit,
263 1859 294 1902 ita
310 1864 334 1903 ut
352 1859 427 1903 acriter
443 1860 500 1904 inter
516 1871 565 1903 sese
583 1860 753 1913 digladiarentur,

75 1929 100 1967 ut
117 1927 177 1968 alteri
195 1927 273 1969 alteros
294 1938 336 1968 non
352 1925 427 1977 gladiis
451 1930 473 1969 at
494 1928 552 1968 certe
568 1925 686 1968 Aristarchi
704 1926 754 1968 obe·
777 1968 779 1971 .

76 1991 135 2034 lisois
151 1992 281 2046 jugularent,
295 1995 322 2034 -ut
338 2004 376 2045 pro
394 2004 432 2034 sna
448 1992 537 2045 quisque
555 1991 651 2045 opinione
668 1991 754 2034 multum

77 2057 195 2111 sanguinis,
218 2057 298 2100 scilicet
319 2058 426 2111 scriptorii
442 2057 585 2111 profunderet.
618 2057 754 2110 Antiquiores

75 2124 107 2167 illi
123 2117 262 2178 interpretes,
281 2122 315 2176 qui
333 2137 367 2177 ea,
386 2127 444 2177 quac
457 2124 512 2178 apud
526 2123 607 2166 Joelem
625 2123 651 2166 de
666 2122 755 2166 locustis

76 2194 198 2244 monentur,
225 2191 252 2234 od
272 2190 361 2245 populos
387 2190 502 2234 Jehudaeis
526 2183 621 2233 infensos
645 2189 756 2233 referenda

79 2258 224 2313 opinabantur,
240 2259 294 2300 hano
310 2268 368 2307 suam
385 2259 503 2311 opinionem
519 2259 566 2310 ipsa
583 2257 619 2299 illa
629 2258 756 2310 locustarum

77 2319 232 2378 significatione
247 2329 320 2376 appan,
334 2336 395 2376 quam
408 2316 433 2367 de
444 2323 544 2379 Assyriis,
561 2325 704 2378 Babylonibus
716 2328 756 2381 etc.

78 2393 154 2450 utpote
186 2387 273 2445 populis
306 2384 480 2444 septentrionem*
502 2401 575 2435 versus
610 2390 755 2434 habitantibus

52 2499 53 2502 ,
78 2457 234 2512 intelligebant,
263 2456 400 2512 pertinaciter
428 2456 589 2517 defensitabant.
631 2457 674 2500 'Ad
703 2458 757 2501 hanc

77 2523 220 2568 defensionem
237 2524 420 2578 multiplioi'vocis
436 2533 505 2576 ’trosti
514 2523 689 2579 interpretatione
706 2537 755 2579 pro-

76 2591 201 2646 pulsandam
223 2605 246 2641 se
267 2592 375 2636 accinxere
397 2593 521 2636 adversarii:
542 2591 637 2646 fuerunt,
659 2592 694 2646 qui
714 2604 756 2636 non

76 2662 179 2715 negantes
197 2660 280 2713 quidem
290 2660 403 2714 >propriam
416 2660 547 2704 locustarmn
563 2660 653 2715 patriam
670 2660 756 2708 deserta
